<?xml version="1.0" encoding="UTF-8"?><collection xmlns="http://www.loc.gov/MARC21/slim"><record><leader>00431nam--2200145-i-4500</leader><controlfield tag="001">000032463</controlfield><controlfield tag="002">20161230</controlfield><controlfield tag="005">20161230201039</controlfield><controlfield tag="008">060222s1000------------r-----000-0-eng-d</controlfield><datafield ind1=" " ind2=" " tag="080"><subfield code="a">519.5(043)</subfield></datafield><datafield ind1=" " ind2=" " tag="100"><subfield code="a">Marek, W</subfield></datafield><datafield ind1=" " ind2=" " tag="245"><subfield code="a">On the metamathematics of impredicative set theory</subfield></datafield><datafield ind1=" " ind2=" " tag="260"><subfield code="a">Warszawa, Panstwowe Wydawnictwo Naukowe, 1973, 45p</subfield></datafield><datafield ind1=" " ind2=" " tag="490"><subfield code="a">Dissertationes Mathematicae, Rozprawy Matematyczne, Xcviii</subfield></datafield><datafield ind1=" " ind2=" " tag="852"><subfield code="a">7385</subfield></datafield></record></collection>